@inproceedings{Russell_Norvig_Chang_2022, 
place={Harlow}, 
title={Chapter 3: Solving Problems by Searching}, 
booktitle={Artificial Intelligence: A modern approach 4th Edition}, 
publisher={Pearson}, 
author={Russell, Stuart Jonathan and Norvig, Peter and Chang, Ming-Wei}, 
year={2022}, 
pages={82–128}} 

@misc{GraphSearch,
url={https://www.cs.ubc.ca/~kevinlb/teaching/cs322%20-%202009-10/Lectures/Search2.pdf}} 

@misc{GraphSearch2,
url={https://www.cs.ubc.ca/~kevinlb/teaching/cs322%20-%202008-9/Lectures/Search5.pdf}} 

@book{LHB,
    author = {Lê Hoài Bắc, Tô Hoài Việt},
    title = {Cơ sở Trí tuệ nhân tạo},
    publisher = {Nhà xuất bản khoa học và kỹ thuật},
    year = {2014}
}

@inproceedings{UCS_Dijkstra,
author = {Felner, Ariel},
year = {2011},
month = {01},
pages = {},
title = {Position Paper: Dijkstra's Algorithm versus Uniform Cost Search or a Case Against Dijkstra's Algorithm.},
journal={Proceedings of the International Symposium on Combinatorial Search},
url={https://ojs.aaai.org/index.php/SOCS/article/view/18191}
}